<collection xmlns="http://www.loc.gov/MARC21/slim">
<record>
  <leader>00391na 0a22001091i 450 </leader>
  <controlfield tag="001">IT\ICCU\CNCE\059598</controlfield>
  <controlfield tag="005">20041118000000.0</controlfield>
  <datafield tag="100" ind1=" " ind2=" ">
    <subfield code="a">20041118             0itac0103    ba</subfield>
  </datafield>
  <datafield tag="101" ind1=" " ind2=" ">
    <subfield code="a">LAT</subfield>
  </datafield>
  <datafield tag="200" ind1="1" ind2=" ">
    <subfield code="a">Lezzione di m. Benedetto Varchi, sopra vn sonetto del reuerendo monsignor Giouanni della Casa, doue si tratta della gelosia</subfield>
  </datafield>
  <datafield tag="700" ind1=" " ind2="1">
    <subfield code="a">Varchi,</subfield>
    <subfield code="b">Benedetto</subfield>
    <subfield code="3">IT\ICCU\CNCA\001103</subfield>
  </datafield>
  <datafield tag="801" ind1=" " ind2="3">
    <subfield code="a">IT</subfield>
    <subfield code="b">ICCU</subfield>
    <subfield code="c">20201115</subfield>
  </datafield>
</record>
</collection>
